<?xml version="1.0" encoding="UTF-8"?><collection xmlns="http://www.loc.gov/MARC21/slim"><record><leader>00437nam--2200145-i-4500</leader><controlfield tag="001">000029681</controlfield><controlfield tag="002">20161230</controlfield><controlfield tag="005">20161230201037</controlfield><controlfield tag="008">060222s1000------------r-----000-0-eng-d</controlfield><datafield ind1=" " ind2=" " tag="080"><subfield code="a">621.313</subfield></datafield><datafield ind1=" " ind2=" " tag="100"><subfield code="a">Laithwaite, E.R</subfield></datafield><datafield ind1=" " ind2=" " tag="245"><subfield code="a">Induction machenes for special purposses</subfield></datafield><datafield ind1=" " ind2=" " tag="260"><subfield code="a">London, George Newnes Ltd., 1966. Xiii + 337p</subfield></datafield><datafield ind1=" " ind2=" " tag="490"><subfield code="a">Newsnes International Monographs On Electrical Engineering And Electronics</subfield></datafield><datafield ind1=" " ind2=" " tag="852"><subfield code="a">33103</subfield></datafield></record></collection>